@online{Example,
  title   = {Beispiel Quelle},
  author  = {Example},
  date    = {2020-03-23T16:32:14+00:00},
  url     = {www.google.de},
  urldate = {2022-08-18}
}
@online{maria1997introduction,
  title={Introduction to modeling and simulation},
  author={Maria, Anu},
  booktitle={Proceedings of the 29th conference on Winter simulation},
  pages={7--13},
  year={1997},
url={https://dl.acm.org/doi/pdf/10.1145/268437.268440},
urldate ={2024-01-23}
}

@online{Britannica2023,
  author = {{The Editors of Encyclopaedia Britannica}},
  title = {computer simulation},
  year = {2023},
  url = {https://www.britannica.com/technology/computer-simulation},
  urldate ={2024-01-23}
}
